@misc
{nucl,
    title = {Nucléotides},
    author = {Wikipédia},
    mouth = {October},
    year = {2020},
    note = {\url{https://fr.wikipedia.org/wiki/Nucl%C3%A9otide}},
}

@misc
{codon,
    title = {Codon},
    author = {Wikipédia},
    mouth = {October},
    year = {2020},
    note = {\url{https://fr.wikipedia.org/wiki/Codon}},
}

@misc
{synth,
    title = {La synthèse des protéines},
    author = {Bernadette Féry},
    mouth = {Automne},
    year = {2004},
    note = {\url{https://slideplayer.fr/slide/1327724/}},
}

@misc
{synthpep,
    title = {Les acides aminés et la synthèse peptidique},
    author = {Anna Venancio-Marques},
    mouth = {Mai},
    year = {2013},
    note = {\url{https://culturesciences.chimie.ens.fr/thematiques/chimie-organique/methodes-et-outils/les-acides-amines-et-la-synthese-peptidique}},
}

@misc
{stats,
    title = {Cours de Statistique Descriptive},
    author = {Ayache, Antoine and Hamonier, Julien},
    mouth = {Novembre},
    year = {2020},
    note = {\url{http://math.univ-lille1.fr/~ayache/cours_SD.pdf}},
}

@misc
{quart,
    title = {Quartile},
    author = {Wikipédia},
    mouth = {Novembre},
    year = {2020},
    note = {\url{https://fr.wikipedia.org/wiki/Quartile}},
}

@misc
{dispersion,
    title = {Indicateur de dispersion},
    author = {Wikipédia},
    mouth = {Novembre},
    year = {2020},
    note = {\url{https://fr.wikipedia.org/wiki/Indicateur_de_dispersion}},
}

@misc
{EI,
    title = {Écart interquartile},
    author = {Wikipédia},
    mouth = {Novembre},
    year = {2020},
    note = {\url{https://fr.wikipedia.org/wiki/%C3%89cart_interquartile}},
}

@misc
{adn,
    title = {\textsc{ADN}},
    author = {Wikipédia},
    mouth = {Novembre},
    year = {2020},
    note = {\url{https://fr.wikipedia.org/wiki/Acide_d%C3%A9soxyribonucl%C3%A9ique}},
}

@misc
{arn,
    title = {\textsc{ARN}},
    author = {Wikipédia},
    mouth = {Novembre},
    year = {2020},
    note = {\url{https://fr.wikipedia.org/wiki/Acide_ribonucl%C3%A9ique}},
}

@misc
{arnm,
    title = {\textsc{ARN}m},
    author = {Wikipédia},
    mouth = {Novembre},
    year = {2020},
    note = {\url{https://fr.wikipedia.org/wiki/Acide_ribonucl%C3%A9ique_messager}},
}

@misc
{pandemie,
    title = {Pandémie de Covid-19},
    author = {Wikipédia},
    mouth = {Novembre},
    year = {2020},
    note = {\url{https://fr.wikipedia.org/wiki/Pand%C3%A9mie_de_Covid-19}},
}

@misc
{transcription,
    title = {Schéma transcription},
    author = {Kartable},
    mouth = {Novembre},
    year = {2020},
    note = {\url{https://media.kartable.fr/uploads/finalImages/final_58a5c51e11c6a1.12021277.png}},
}

@misc
{traduction,
    title = {Schéma traduction},
    author = {Annabac},
    mouth = {Novembre},
    year = {2020},
    note = {\url{https://www.annabac.com/sites/annabac.com/files/depot/images/PB_Bac_SVT_1re_2019_9782401052222/05222_C02_F07_01.png}},
}

@misc
{replication,
    title = {Réplication des virus},
    author = {Wikipédia},
    mouth = {Novembre},
    year = {2020},
    note = {\url{http://phage-t4-tpe.e-monsite.com/pages/i-les-virus/la-replication-des-virus.html}},
}

}

@misc
{epissage,
    title = {Épissage},
    author = {Wikipédia},
    mouth = {Novembre},
    year = {2020},
    note = {\url{https://fr.wikipedia.org/wiki/%C3%89pissage}},
}

@misc
{delannoy,
    title = {Delannoy Number},
    author = {Wikipédia},
    mouth = {Novembre},
    year = {2020},
    note = {\url{https://en.wikipedia.org/wiki/Delannoy_number}},
}

@misc
{delannoy_approx,
    title = {Asymptotic properties of the Delannoy numbers and similar arrays},
    author = {Christer O. Kiselman},
    mouth = {Mars},
    year = {2013},
    note = {\url{http://ias.sabanciuniv.edu/documents/kiselmanpaper.pdf}},
}

@misc
{pfizer_vac,
    title = {Reverse Engineering the source code of the BioNTech/Pfizer SARS-CoV-2 Vaccine},
    author = {Bert Hubert},
    mouth = {Décembre},
    year = {2020},
    note = {\url{https://berthub.eu/articles/posts/reverse-engineering-source-code-of-the-biontech-pfizer-vaccine/}},
}

@misc
{nwcours,
    title = {The Needleman-Wunsch algorithm for sequence alignment},
    author = {Liki´c, Vladimir},
    mouth = {Décembre},
    year = {2020},
    note = {\url{https://www.cs.sjsu.edu/~aid/cs152/NeedlemanWunsch.pdf}},
}

@misc
{alignement,
    title = {Alignement optimal et comparaison de séquences génomiques et protéiques},
    author = {Rechenmann, François},
    mouth = {Octobre},
    year = {2005},
    note = {\url{https://interstices.info/alignement-optimal-et-comparaison-de-sequences-genomiques-et-proteiques/}},
}

@misc
{blastncbi,
    title = {Basic Local Alignment Search Tool},
    author = {National Center for Biotechnology Information},
    mouth = {Décembre},
    year = {2020},
    note = {\url{https://blast.ncbi.nlm.nih.gov/Blast.cgi}},
}

@misc
{ncbivirus,
    title = {NCBI Virus},
    author = {National Center for Biotechnology Information},
    mouth = {Novembre},
    year = {2020},
    note = {\url{https://www.ncbi.nlm.nih.gov/labs/virus/vssi/#/}},
}

@misc
{rnaw,
    title = {What Is the RNA World Hypothesis?},
    author = {Stated Clearly},
    mouth = {août},
    year = {2016},
    note = {\url{https://www.youtube.com/watch?v=K1xnYFCZ9Yg&feature=youtu.be}},
}

@misc
{rnat,
    title = {DNA replication and RNA transcription and translation | Khan Academy},
    author = {Khan Academy},
    mouth = {décembre},
    year = {2014},
    note = {\url{https://www.youtube.com/watch?v=6gUY5NoX1Lk&feature=youtu.be}},
}

@misc
{rnatrc,
    title = {Transcription and mRNA processing | Biomolecules | MCAT | Khan Academy},
    author = {Khan Academy},
    mouth = {juin},
    year = {2016},
    note = {\url{https://www.youtube.com/watch?v=JQIwwJqF5D0&feature=youtu.be}},
}

@misc
{EMBOSS,
    title = {EMBOSS pairwise sequence alligner},
    author = {European Bioinformatics Institute},
    mouth = {Décembre},
    year = {2020},
    note = {\url{https://www.ebi.ac.uk/Tools/psa/emboss_needle/}},
}

@misc
{SPIKE,
    title = {S surface glycoprotein [ Severe acute respiratory syndrome coronavirus 2 ]},
    author = {National Center for Biotechnology Information},
    mouth = {Décembre},
    year = {2020},
    note = {\url{https://www.ncbi.nlm.nih.gov/gene/43740568}},
}

@misc
{dnatr,
    title = {DNA Transcription},
    author = {Clancy, Suzanne},
    year = {2008},
    note = {\url{https://www.nature.com/scitable/topicpage/dna-transcription-426/}},
}

@misc
{alignmit,
    title = {Sequence Alignment and Dynamic Programming},
    author = {MIT},
    year = {2005},
    note = {\url{https://ocw.mit.edu/courses/electrical-engineering-and-computer-science/6-096-algorithms-for-computational-biology-spring-2005/lecture-notes/lecture5_newest.pdf}},
}